% This file was created with JabRef 2.10.
% Encoding: Cp1252


@Article{Aizerman1964,
  Title                    = {Theoretical foundations of the potential function method in pattern recognition learning},
  Author                   = {M. Aizerman and E. Braverman and L. Rozonoer},
  Journal                  = {Automation and Remote Control},
  Year                     = {1964},
  Pages                    = {821--837},
  Volume                   = {25}
}

@Book{Bishop2006,
  Title                    = {Pattern Recognition and Machine learning},
  Author                   = {Christopher M. Bishop},
  Publisher                = {Springer},
  Year                     = {2006}
}

@Book{Cristianini2000,
  Title                    = {An introduction to support Vector Machines: and other kernel-based learning methods},
  Author                   = {Nello Cristianini and John Shawe-Taylor},
  Publisher                = {Cambridge University Press},
  Year                     = {2000},

  Address                  = {New York, NY, USA},

  ISBN                     = {0-521-78019-5}
}

@Article{Geurts2006,
  Title                    = {Extremely randomized trees},
  Author                   = {Pierre Geurts and Damien Ernst and Louis Wehenkel},
  Journal                  = {Machine Learning},
  Year                     = {2006},
  Number                   = {1},
  Pages                    = {3--42},
  Volume                   = {63}
}

@Misc{matlabbatch,
  Title                    = {{MATLAB} batch system},

  Author                   = {Volkmar Glauche},
  HowPublished             = {http://sourceforge.net/projects/matlabbatch/},

  Url                      = {http://sourceforge.net/projects/matlabbatch/}
}

@Article{Haxby2001,
  Title                    = {Distributed and overlapping representations of faces and objects in ventral temporal cortex.},
  Author                   = {J. V. Haxby and M. I. Gobbini and M. L. Furey and A. Ishai and J. L. Schouten and P. Pietrini},
  Journal                  = {Science},
  Year                     = {2001},
  Number                   = {5539},
  Pages                    = {2425--2430},
  Volume                   = {293}
}

@Article{Haynes2006,
  Title                    = {{D}ecoding mental states from brain activity in humans},
  Author                   = {Haynes, J. D. and Rees, G.},
  Journal                  = {Nat. Rev. Neurosci.},
  Year                     = {2006},
  Pages                    = {523--534},
  Volume                   = {7}
}

@Article{Hofmann2008,
  Title                    = {Kernel methods in machine learning},
  Author                   = {Thomas Hofmann and Bernhard Scholkopf and Alexander J. Smola},
  Journal                  = {Annals of Statistics},
  Year                     = {2008},
  Number                   = {3},
  Pages                    = {1171--1220},
  Volume                   = {36}
}

@Article{Marquand2010,
  Title                    = {{Q}uantitative prediction of subjective pain intensity from whole-brain f{M}{R}{I} data using {G}aussian processes},
  Author                   = {Marquand, A. and Howard, M. and Brammer, M. and Chu, C. and Coen, S. and Mourao-Miranda, J. },
  Journal                  = {Neuroimage},
  Year                     = {2010},
  Pages                    = {2178--2189},
  Volume                   = {49}
}

@Misc{SPM8,
  Title                    = {Statistical {P}arametric {M}apping, {SPM8}},

  Author                   = {{Members and collaborators of the Wellcome Trust Centre for Neuroimaging}},
  HowPublished             = {http://www.fil.ion.ucl.ac.uk/spm},
  Note                     = {Wellcome Trust Centre for Neuroimaging, University College London, UK},
  Year                     = {2008}
}

@Article{Mourao-Miranda2005,
  Title                    = {{C}lassifying brain states and determining the discriminating activation patterns: {S}upport {V}ector {M}achine on functional {M}{R}{I} data},
  Author                   = {Mourao-Miranda, J. and Bokde, A. L. and Born, C. and Hampel, H. and Stetter, M.},
  Journal                  = {Neuroimage},
  Year                     = {2005},
  Pages                    = {980--995},
  Volume                   = {28}
}

@Article{Mourao-Miranda2007,
  Title                    = {Dynamic discrimination analysis: a spatial-temporal SVM.},
  Author                   = {Janaina Mourao-Miranda and Karl J Friston and Michael Brammer},
  Journal                  = {Neuroimage},
  Year                     = {2007},
  Number                   = {1},
  Pages                    = {88--99},
  Volume                   = {36}
}

@Article{Norman2006,
  Title                    = {{B}eyond mind-reading: multi-voxel pattern analysis of f{M}{R}{I} data},
  Author                   = {Norman, K. A. and Polyn, S. M. and Detre, G. J. and Haxby, J. V. },
  Journal                  = {Trends Cogn. Sci. (Regul. Ed.)},
  Year                     = {2006},
  Pages                    = {424--430},
  Volume                   = {10}
}

@Article{Pereira2009,
  Title                    = {{M}achine learning classifiers and f{M}{R}{I}: a tutorial overview},
  Author                   = {Pereira, F. and Mitchell, T. and Botvinick, M. },
  Journal                  = {Neuroimage},
  Year                     = {2009},
  Pages                    = {199--209},
  Volume                   = {45}
}

@Article{Rakotomamonjy2008,
  Title                    = {SimpleMKL},
  Author                   = {Alain Rakotomamonjy and Francis Bach and Stephane Canu and Yves Grandvalet},
  Journal                  = {Journal of Machine Learning Research},
  Year                     = {2008},
  Pages                    = {2491--2521},
  Volume                   = {9},

  Owner                    = {Jessica},
  Timestamp                = {2015.01.28}
}

@Book{Rasmussen2006,
  Title                    = {Gaussian Processes for Machine Learning},
  Author                   = {Carl Edward Rasmussen and Christopher K. I. Williams},
  Publisher                = {the MIT Press},
  Year                     = {2006},
  Series                   = {Adaptive Computation and Machine Learning}
}

@Conference{Schrouff2013a,
  Title                    = {Localizing and comparing weight maps generated from linear kernel machine learning models},
  Author                   = {Jessica Schrouff and Julien Cremers and Gaetan Garraux and L Baldassarre and Janaina Mourao-Miranda and Christophe Phillips},
  Booktitle                = {Pattern Recognition in Neuroimaging (PRNI), 2013 International Workshop on},
  Year                     = {2013},
  Pages                    = {124-127},
  Publisher                = {IEEE},

  Owner                    = {Jessica},
  Timestamp                = {2015.02.03}
}

@Conference{Schrouff2014,
  Title                    = {Can we interpret linear kernel machine learning models using anatomically labelled regions?},
  Author                   = {Jessica Schrouff and Joao Monteiro and Maria Rosa and Liana Portugal and Christophe Phillips and Janaina Mourao-Miranda},
  Booktitle                = {Organization for Human Brain Mapping},
  Year                     = {2014},

  Owner                    = {Jessica},
  Timestamp                = {2015.02.05}
}

@Article{Schrouff2013,
  Title                    = {{PRoNTo: Pattern Recognition for Neuroimaging Toolbox}},
  Author                   = {J. Schrouff and M. J. Rosa and J. M. Rodina and A. F. Marquand and C. Chu and J. Ashburner and C. Phillips and J. Richiardi and J. Mourao-Miranda},
  Journal                  = {Neuroinformatics},
  Year                     = {2013},
  Number                   = {3},
  Pages                    = {319--337},
  Volume                   = {11},

  Owner                    = {joao},
  Timestamp                = {2013.03.15}
}

@Book{ShaweTaylor2004,
  Title                    = {Kernel Methods for Pattern Analysis.},
  Author                   = {John Shawe-Taylor and Nello Cristianini},
  Publisher                = {Cambridge University Press},
  Year                     = {2004}
}

@Article{Tipping2001,
  Title                    = {Sparse Bayesian Learning and the Relevance Vector Machine},
  Author                   = {Michael E. Tipping},
  Journal                  = {Journal of Machine Learning Research},
  Year                     = {2001},
  Pages                    = {211--244},
  Volume                   = {1}
}

@inproceedings{Bach2004,
 author = {Bach, Francis R. and Lanckriet, Gert R. G. and Jordan, Michael I.},
 title = {Multiple Kernel Learning, Conic Duality, and the SMO Algorithm},
 booktitle = {Proceedings of the Twenty-first International Conference on Machine Learning},
 series = {ICML '04},
 year = {2004},
 isbn = {1-58113-838-5},
 location = {Banff, Alberta, Canada},
 pages = {6--},
 url = {http://doi.acm.org/10.1145/1015330.1015424},
 doi = {10.1145/1015330.1015424},
 acmid = {1015424},
 publisher = {ACM},
 address = {New York, NY, USA}
}
